@article{shannon,
  added-at = {2021-09-19T18:40:37.000+0200},
  author = {Shannon, Claude Elwood},
  journal = {The Bell System Technical Journal},
  keywords = {imported},
  pages = {379--423},
  timestamp = {2021-09-19T18:41:56.000+0200},
  title = {A Mathematical Theory of Communication},
  volume = 27,
  year = 1948
}


@book{wilde_2013, 
	place={Cambridge}, 
	title={Quantum Information Theory}, 
	DOI={10.1017/CBO9781139525343}, 
	publisher={Cambridge University Press}, 
	author={Wilde, Mark M.}, 
	year={2013}
}


